%template for websites
@misc{,
        title = {},
        note = {\url{}},
}

@misc{foobar,
        title = {FOOBAR},
        note = {\url{https://github.com/periodic/LoLLogs}, FOOBAR},
}


@misc{yesod,
        title = {Yesod Web Framework},
        note = {\url{http://yesodweb.com/}. Dec. 2011},
}

@misc{mongo,
        title = {MongoDB},
        note = {\url{http://mongodb.org/}. Dec. 2011},
}

@misc{flot,
        title = {Flot},
        note = {\url{http://code.google.com/p/flot/}. Dec. 2011},
}

@misc{lol,
        title = {League of Legends},
        note = {\url{http://leagueoflegends.com/}. Dec. 2011},
}
@misc{persistent,
        title = {Persistent},
        note = {\url{http://hackage.haskell.org/package/persistent}. Dec. 2011},
}
    
